@inproceedings{hulten2001mining,
  title={Mining time-changing data streams},
  author={Hulten, Geoff and Spencer, Laurie and Domingos, Pedro},
  booktitle={Proceedings of the seventh ACM SIGKDD international conference on Knowledge discovery and data mining},
  pages={97--106},
  year={2001},
  organization={ACM}
}

@article{tran2014change,
  title={Change detection in streaming data in the era of big data: models and issues},
  author={Tran, Dang-Hoan and Gaber, Mohamed Medhat and Sattler, Kai-Uwe},
  journal={ACM SIGKDD Explorations Newsletter},
  volume={16},
  number={1},
  pages={30--38},
  year={2014},
  publisher={ACM}
}

@inproceedings{ross2009online,
  title={Online annotation and prediction for regime switching data streams},
  author={Ross, Gordon J and Tasoulis, Dimitris K and Adams, Niall M},
  booktitle={Proceedings of the 2009 ACM symposium on applied computing},
  pages={1501--1505},
  year={2009},
  organization={ACM}
}

@article{liu2010mining,
  title={Mining distribution change in stock order streams},
  author={Liu, Xiaoyan and Wu, Xindong and Wang, Huaiqing and Zhang, Rui and Bailey, James and Ramamohanarao, Kotagiri},
  year={2010},
  publisher={IEEE}
}

@article{hodge2004survey,
  title={A survey of outlier detection methodologies},
  author={Hodge, Victoria J and Austin, Jim},
  journal={Artificial Intelligence Review},
  volume={22},
  number={2},
  pages={85--126},
  year={2004},
  publisher={Springer}
}

@inproceedings{hill2007real,
  title={Real-time Bayesian anomaly detection for environmental sensor data},
  author={Hill, David J and Minsker, Barbara S and Amir, Eyal},
  booktitle={Proceedings of the Congress-International Association for Hydraulic Research},
  volume={32},
  number={2},
  pages={503},
  year={2007},
  organization={Citeseer}
}

@article{hill2010anomaly,
  title={Anomaly detection in streaming environmental sensor data: A data-driven modeling approach},
  author={Hill, David J and Minsker, Barbara S},
  journal={Environmental Modelling \& Software},
  volume={25},
  number={9},
  pages={1014--1022},
  year={2010},
  publisher={Elsevier}
}

@inproceedings{mathioudakis2010twittermonitor,
  title={Twittermonitor: trend detection over the twitter stream},
  author={Mathioudakis, Michael and Koudas, Nick},
  booktitle={Proceedings of the 2010 ACM SIGMOD International Conference on Management of data},
  pages={1155--1158},
  year={2010},
  organization={ACM}
}

@article{DBLP:journals/jmlr/BifetHKP10,
  author    = {Albert Bifet and
               Geoff Holmes and
               Richard Kirkby and
               Bernhard Pfahringer},
  title     = {{MOA:} Massive Online Analysis},
  journal   = {Journal of Machine Learning Research},
  volume    = {11},
  pages     = {1601--1604},
  year      = {2010},
  url       = {http://portal.acm.org/citation.cfm?id=1859903},
  timestamp = {Fri, 01 Apr 2011 14:32:52 +0200},
  biburl    = {http://dblp.uni-trier.de/rec/bib/journals/jmlr/BifetHKP10},
  bibsource = {dblp computer science bibliography, http://dblp.org}
}

@article{hall2009weka,
  title={The WEKA data mining software: an update},
  author={Hall, Mark and Frank, Eibe and Holmes, Geoffrey and Pfahringer, Bernhard and Reutemann, Peter and Witten, Ian H},
  journal={ACM SIGKDD explorations newsletter},
  volume={11},
  number={1},
  pages={10--18},
  year={2009},
  publisher={ACM}
}

@inproceedings{bockermann2012processing,
  title={Processing data streams with the rapidminer streams-plugin},
  author={Bockermann, Christian and Blom, Hendrik},
  booktitle={Proceedings of the 3rd RapidMiner Community Meeting and Conference},
  year={2012}
}

@article{krempl2014open,
  title={Open challenges for data stream mining research},
  author={Krempl, Georg and {\v{Z}}liobaite, Indre and Brzezi{\'n}ski, Dariusz and H{\"u}llermeier, Eyke and Last, Mark and Lemaire, Vincent and Noack, Tino and Shaker, Ammar and Sievi, Sonja and Spiliopoulou, Myra and others},
  journal={ACM SIGKDD Explorations Newsletter},
  volume={16},
  number={1},
  pages={1--10},
  year={2014},
  publisher={ACM}
}

@inproceedings{bifet2010sentiment,
  title={Sentiment knowledge discovery in twitter streaming data},
  author={Bifet, Albert and Frank, Eibe},
  booktitle={Discovery Science},
  pages={1--15},
  year={2010},
  organization={Springer}
}

@inproceedings{domingos2000mining,
  title={Mining high-speed data streams},
  author={Domingos, Pedro and Hulten, Geoff},
  booktitle={Proceedings of the sixth ACM SIGKDD international conference on Knowledge discovery and data mining},
  pages={71--80},
  year={2000},
  organization={ACM}
}

@book{cimerman2015prudy,
  title={Analýza prúdu údajov},
  author={Cimerman, Matúš and Ševcech, Jakub},
  booktitle={Analýza prúdu údajov [bakalárska práca]},
  pages={40},
  year={2015},
  organization={FIIT STU Bratislava}
}

@article{stankovic1988real,
  title={On real-time transactions},
  author={Stankovic, John A and Zhao, Wei},
  journal={ACM Sigmod Record},
  volume={17},
  number={1},
  pages={4--18},
  year={1988},
  publisher={ACM}
}

@book{han2011data,
  title={Data mining: concepts and techniques},
  author={Han, Jiawei and Pei, Jian and Kamber, Micheline},
  year={2011},
  publisher={Elsevier}
}

