@incollection{WidomPanangaden,
AUTHOR = {J. Widom and P. Panangaden},
TITLE = {{Expressiveness Bounds for Completeness in Trace-Based Network Proof Systems}},
BOOKTITLE = "CAAP '88:  Proceedings of the 13th Colloquium on 
Trees in Algebra and Programming, Lecture Notes in Computer Science 209",
PAGES = {200-214},
PUBLISHER = {Springer-Verlag},
ADDRESS = {Berlin},
MONTH = mar,
YEAR = 1988
}

@mastersthesis{vardhan98distributed,
author = "A. Vardhan and others",
title = {{Distributed Garbage Collection of Active Objects: A Transformation And Its Applications to Java Programming}},
text = "A. Vardhan. Distributed garbage collection of active objects: A transformation and its applications to Java programming. Master's thesis, University of Illinois at Urbana Champaign, October 1998.",
year = "1998",
url = "http://citeseer.nj.nec.com/vardhan98distributed.html"
}

@article{OwickiGries76b,
AUTHOR = {S. Owicki and D. Gries},
TITLE = {{Verifying properties of parallel programs{\rm :}  an axiomatic approach}},
JOURNAL = cacm,
VOLUME = 19,
NUMBER = 5,
PAGES = {279-285},
MONTH = may,
YEAR = 1976
}

@article{MisraChandy,
AUTHOR = {J. Misra and K.M. Chandy},
TITLE = {{Proofs of networks of processes}},
JOURNAL = ieeese,
VOLUME = 7,
NUMBER = 7,
PAGES = {417-426},
MONTH = jul,
YEAR = 1981
}

@inproceedings{MannaPnueli82,
AUTHOR = {Z. Manna and A. Pnueli},
TITLE = {{Verification of concurrent programs{\rm :}  a temporal proof system}},
BOOKTITLE = "Proceedings of the Fourth School on Advanced Programming",
ADDRESS = {Amsterdam},
PAGES = {163-255},
MONTH = jun,
YEAR = 1982
}

@phdthesis{henrio:thesis,
author = "Ludovic Henrio",
title = {{Asynchronous Object Calculus: Confluence and Determinacy}},
year = 2003,
month = nov,
school = "Université de Nice-Sophia Antipolis"
}

@book{henessy:computer,
author = "J.L. Henessy and D.A. Patterson",
title = {{Computer Organization and Design: The Hardware/Software Inteface}},
publisher = "Morgan Kaufmann Publishers",
address = "San Mateo California",
year = "1994"
}

@inproceedings{CHSPOPL04,
   author = {Denis Caromel and Ludovic Henrio and Bernard Paul Serpette},
   title = {{Asynchronous and deterministic objects}},
   booktitle = {{Proceedings of the 31st ACM SIGPLAN-SIGACT symposium on Principles of programming languages}},
   year = {2004},
   isbn = {1-58113-729-X},
   pages = {123--134},
   location = {Venice, Italy},
   doi = {http://doi.acm.org/10.1145/964001.964012},
   publisher = {ACM Press},
}

@techreport{CHS03RR,
  author = {Denis Caromel and Ludovic Henrio and Bernard Serpette},
  title = {{Asynchronous Sequential Processes}},
  institution =  {{INRIA Sophia Antipolis}},
  year =      2003,
  note =      {RR-4753},
url = {ftp://ftp-sop/oasis/publications/2003/RRCHS.ps.gz}
}

@book{friedman:switching,
author = {Arthur D. Friedman and Premachandran R. Menon},
title = {{Theory and Design of Switching Circuits}},
publisher = "Computer Science Press, Inc",
year = 1975
}


@misc{patashnik:bibtexing,
author = "Oren Patashnik",
title = {{\BibTeX ing}},
year = 1988,
month = feb
}

@misc{patashnik:designingbibtexstyles,
author = "Oren Patashnik",
title = {{Designing \BibTeX{} Styles}},
year = 1988,
month = feb
}

@misc{patashnik:btxhak,
title = {{Designing \BibTeX Styles}},
author = "Oren Patashnik",
year = 1988,
poznamka = "/usr/share/doc/texmf/bibtex/base/btxhak.dvi.gz"
}

@misc{patashnik:btxdoc,
author = "Oren Patashnik",
title = {{\BiBTeX ing}},
year = 1988,
poznamka = "/usr/share/doc/texmf/bibtex/base/btxdoc.dvi.gz"
}

@misc{lamport:standardclasses,
author = "Leslie Lamport and Frank Mittelbach and Johannes Braams",
title = {{Standard Document Classes for \LaTeX{} version 2e}},
year = 2001
}

@misc{mittelbach:docstrip,
author = "Frank Mittelbach and Denys Duchier and Johannes Braams
    and Marcin Woliński and Mark Wooding",
title = {{The {\tt DocStrip} program}},
year = 1999
}

@misc{mittelbach:docandshortvrb,
author = "Frank Mittelbach",
title = {{The {\tt doc} and {\tt shortvrb} Packages}},
year = 2001
}

% NOTE: requires `mflogo' package to be loaded
% (the \MF macro is defined therein)
@book{knuth:texAndMetafont,
author = "Donald E. Knuth",
title = {{{\TeX} and {\MF}: New Directions in Typesetting}},
publisher = "Digital Press",
year = 1979,
isbn = "0-932376-02-9"
}

@misc{latex2eForClassAndPackageWriters,
title = {{L\kern-.36em\raise.3ex\hbox{\sc A}\kern-.15em\hbox{T}\kern-.1667em\lower.5ex\hbox{E}\kern-.125em\hbox{X} \spacefactor1000\kern.15em 2${}_{\textstyle\varepsilon}$ for class and package writers}},
year = 1999
}

@book{lamport:latex,
title = {{A Document Preparation System \LaTeX, User's Guide and Reference Manual}},
author = "Leslie Lamport",
publisher = "Addison Wesley",
year = 1986,
isbn = "0-201-15790-X"
}

@inproceedings{97961,
author = {Dennis Kafura and Doug Washabaugh and Jeff Nelson},
title = {{Garbage Collection of Actors}},
booktitle = {{Proceedings of the European conference on object-oriented programmi
ng on Object-oriented programming systems, languages, and applications}},
year = {1990},
isbn = {0-201-52430-X},
pages = {126--134},
location = {Ottawa, Canada},
url = {http://doi.acm.org/10.1145/97945.97961},
publisher = {ACM Press},
}

@inproceedings{97955,
author = {K. Kahn and Vijay A. Saraswat},
title = {{Actors as a Special Case of Concurrent Constraint (Logic) Programming}},
booktitle = {{Proceedings of the European conference on object-oriented programmi
ng on Object-oriented programming systems, languages, and applications}},
year = {1990},
isbn = {0-201-52430-X},
pages = {57--66},
location = {Ottawa, Canada},
url = {http://doi.acm.org/10.1145/97945.97955},
publisher = {ACM Press},
}

@article{84528,
author = {Gul Agha},
title = {{Concurrent Object-Oriented Programming}},
journal = {Communications of the ACM},
volume = {33},
number = {9},
year = {1990},
issn = {0001-0782},
pages = {125--141},
url = {http://doi.acm.org/10.1145/83880.84528},
publisher = {ACM Press},
}

@inproceedings{louboutin97comprehensive,
author = "Sylvain R. Y. Louboutin and Vinny Cahill",
title = {{Comprehensive Distributed Garbage Collection by Tracking Causal Dependencies of Relevant Mutator Events}},
booktitle = "Proceedings of {ICDCS}'97 International Conference on Distributed Computing Systems",
publisher = "IEEE Press",
year = "1997",
url = "http://citeseer.nj.nec.com/louboutin97comprehensive.html"
}

@book{chicago:style,
author = {{Chicago Editorial Staff}},
title = {{The Chicago Manual of Style: The Essential Guide for Writers,
	Editors, and Publishers}}
}

@book{leunen:scholar,
author = "van Leunen, Mary-Claire",
title = {{A Handbook for Scholars}},
publisher = "Knopf",
year = 1979,
}

@misc{C99-draft,
title = {{ISO/IEC 9899:TC2 Committee Draft}},
publisher = {{ISO/IEC}},
year = {2005},
month = {May~6},
}

@inbook{czarnecki:generative-programming,
author = {Krzysztof Czarnecki},
title = {{Generative Programming}},
chapter = {Intentional programming},
publisher = {Addison-Wesley},
year = {2000},
pages = {503-566},
}

@misc{SWIG,
author = {SWIG},
title = {{The SWIG Development Tool}},
note = {[Online; accessed January 15th, 2008]},
howpublished = "\verb|http://www.swig.org|"
}

% An example technical report.
% An example "and others" utilization.
@techreport{leiserson:network,
title = {{The Network Architecture of the Connection Machine CM-5}},
author = {Charles E. Leiserson and others},
address = {{Thinking Machines Corporation}},
year = 1994,
month = mar
}

